% Encoding: UTF-8

@Misc{Tenzer2020,
  author = {F. Tenzer},
  title  = {Marktanteile von Android und iOS am Smartphone-Absatz in Deutschland bis März 2020},
  month  = may,
  year   = {2020},
  url    = {https://de.statista.com/statistik/daten/studie/256790/umfrage/marktanteile-von-android-und-ios-am-smartphone-absatz-in-deutschland/},
}

@Misc{I2C,
  author = {Kevin Townsend},
  title  = {Configuring Your Pi for I2C},
  month  = may,
  year   = {2020},
  url    = {https://learn.adafruit.com/adafruit-16-channel-servo-driver-with-raspberry-pi/configuring-your-pi-for-i2c},
}

@Article{Foundation2020,
  author  = {Raspberry Pi Foundation},
  title   = {Raspberry Pi 3 Model B},
  journal = {www.raspberrypi.org},
  year    = {2020},
}

@BOOK{PiHandbuch,
  AUTHOR       = "Michael Kofler und Christoph Scherbeck und Charly Kühnast",
  TITLE        = "Raspberry Pi: Das umfassende Handbuch für Maker und Tekkies. Aktuell zu Raspberry Pi Model 3B+ und Zero WH",
  PUBLISHER    = "Rheinwerk Computing",
  YEAR         = "2018",
  ADDRESS      = "Deutschland",
}

@Comment{jabref-meta: databaseType:bibtex;}
